
// iteratees
@inproceedings{kiselyov2012,
 author    = {Kiselyov, Oleg},
 title     = {Iteratees},
 booktitle = {Proceedings of the 11th international conference on Functional and Logic Programming},
 series    = {FLOPS'12},
 year      = {2012},
 isbn      = {978-3-642-29821-9},
 location  = {Kobe, Japan},
 pages     = {166--181},
 numpages  = {16},
 url       = {http://okmij.org/ftp/Haskell/Iteratee/describe.pdf},
 urldate   = {2013-04-25},
 doi       = {10.1007/978-3-642-29822-6_15},
 acmid     = {2342700},
 publisher = {Springer-Verlag},
 address   = {Berlin, Heidelberg},
}

@online{iteratee_io,
  author  = {Kiselyov, Oleg},
  title   = {Incremental multi-level input processing and collection enumeration},
  year    = {2012},
  url     = {http://okmij.org/ftp/Streams.html},
  urldate = {2013-04-25}
}


// play2
@article{drobi2012,
  author  = {Drobi, S.},
  journal = {Internet Computing, IEEE},
  title   = {Play2: A New Era of Web Application Development},
  year    = {2012},
  volume  = {16},
  number  = {4},
  pages   = {89--94},
  doi     = {10.1109/MIC.2012.84},
  ISSN    = {1089-7801},
  url     = {http://ieeexplore.ieee.org/ielx5/4236/6257353/06257378.pdf?tp=&arnumber=6257378&isnumber=6257353}
}


// play
@book{hilton2013,
  author = {Hilton, Peter and Bakker, Erik and Canedo, Francisco},
  title = {Play for Scala : Covers Play 2},
  publisher = {Manning Publications Co.},
  year = {2013},
  address = {Greenwich, Connecticut},
  edition = {1. Aufl.},
  isbn = {9781617290794}
}


// evolution of the web
@inproceedings{tavalsaari2011,
  author    = {Taivalsaari, A. and Mikkonen, T.},
  booktitle = {Software Engineering and Advanced Applications (SEAA), 2011 37th EUROMICRO Conference on},
  title     = {The Web as an Application Platform: The Saga Continues},
  year      = {2011},
  pages     = {170--174},
  doi       = {10.1109/SEAA.2011.35},
  url       = {http://ieeexplore.ieee.org/stamp/stamp.jsp?tp=&arnumber=6068340},
  urldate   = {2013-04-11}
}

// real-time web
@inproceedings{bozdag2007,
  author    = {Bozdag, E. and Mesbah, A. and van Deursen, A.},
  booktitle = {Web Site Evolution, 2007. WSE 2007. 9th IEEE International Workshop on},
  title     = {A Comparison of Push and Pull Techniques for AJAX},
  year      = {2007},
  pages     = {15--22},
  doi       = {10.1109/WSE.2007.4380239},
  url       = {http://ieeexplore.ieee.org/stamp/stamp.jsp?tp=&arnumber=4380239},
  urldate   = {2013-04-11}
}

// futures and promises
@online{haller2013,
  author    = {Philipp Haller and Aleksandar Prokopec and Heather Miller and Viktor Klang and Roland Kuhn and Vojin Jovanovic},
  title     = {Futures and Promises},
  year      = {2013},
  url       = {http://docs.scala-lang.org/overviews/core/futures.html},
  urldate   = {2013-04-17}
}

// futures
@online{typesafe2013,
  author  = {{Typesafe Inc.}},
  title   = {Futures},
  year    = {2013},
  url     = {http://doc.akka.io/docs/akka/2.1.2/scala/futures.html},
  urldate = {2013-04-17}
}


@online{ide,
  editor  = {Zenexity and {Typesafe Inc.}},
  shorthand   = {Zenexity und Typesafe Inc. 2013},
  title   = {Setting up your preferred IDE},
  year    = {2013},
  url     = {http://www.playframework.com/documentation/2.1.1/IDE},
  urldate = {2013-04-20}
}


@online{iteratees,
  author    = {Zenexity and {Typesafe Inc.}},
  publisher = {Zenexity and {Typesafe Inc.}},
  title     = {Handling data streams reactively: Iteratees},
  year      = {2013},
  url       = {http://www.playframework.com/documentation/2.1.1/Iteratees},
  urldate   = {2013-04-20}
}


@online{enumerators,
  publisher = {Zenexity and {Typesafe Inc.}},
  title     = {Handling data streams reactively: Enumerators},
  year      = {2013},
  url       = {http://www.playframework.com/documentation/2.1.1/Enumerators},
  urldate   = {2013-04-20}
}


@inproceedings{reactive_programming,
  author    = {Pucella, R.R.},
  booktitle = {Computer Languages, 1998. Proceedings. 1998 International Conference on},
  title     = {Reactive programming in Standard ML},
  year      = {1998},
  pages     = {48-57},
  doi       = {10.1109/ICCL.1998.674156},
  ISSN      = {1074-8970}
}


@inproceedings{reactive_programming1,
  author    = {Yifeng Chen},
  booktitle = {Parallel and Distributed Processing, 2000. Proceedings. 8th Euromicro Workshop on},
  title     = {Specification for reactive bulk-synchronous programming},
  year      = {2000},
  pages     = {190-196},
  doi       = {10.1109/EMPDP.2000.823411},
  ISSN      = {1066-6192}
}


@article{monad_reader,
  author  = {Lato, John W.},
  title   = {Iteratee: Teaching an Old Fold New Tricks},
  journal = {The Monad.Reader},
  year    = {2010},
  number  = {16},
  pages   = {19--35},
  url     = {http://themonadreader.files.wordpress.com/2010/05/issue16.pdf},
  urldate = {2013-04-25}
}


@inbook{haskell_io,
  author    = {O'Sullivan, Bryan and Goerzen, John and Stewart, Don},
  title     = {Real World Haskell},
  year      = {2008},
  isbn      = {0596514980, 9780596514983},
  edition   = {1st},
  publisher = {O'Reilly Media, Inc.},
  chapter   = {I/O},
  url       = {http://book.realworldhaskell.org/read/io.html},
  urldate   = {2013-04-25}
}



% Continuations
% http://www.jquigley.com/files/talks/continuations.pdf
% http://dl.acm.org/citation.cfm?id=1596550.1596596&coll=DL&dl=ACM&CFID=197899786&CFTOKEN=90463256